@article{premier_papier,
Author = {Chevroton, Hugo} and {Billaut,Jean-Charles} and {Rohmer,U.K.,Sonja},
Pages = {32},
Title = {A framework for production and outbound distribution},
Date = {2018-06},
urldate = {2018-06-08}
},
@article{second_papier,
Author = {Chevroton, Hugo} and {Billaut,Jean-Charles},
Pages = {32},
Title = {Second paper},
Date = {2018-09-19},
urldate = {2018-09-19}
}